@misc{cryptoeprint:2017:979,
    author       = {Irene Giacomelli and
		    Somesh Jha and
		    Marc Joye and
		    C. David Page and
		    Kyonghwan Yoon},
    title        = {Privacy-Preserving Ridge Regression with only Linearly-Homomorphic Encryption},
    howpublished = {Cryptology ePrint Archive, Report 2017/979},
    year         = {2017},
    note         = {\url{https://eprint.iacr.org/2017/979.pdf}},
}